@InProceedings{binding15,
  author =	{Mogavero, Fabio and Perelli, Giuseppe},
  title =	{{Binding Forms in First-Order Logic}},
  booktitle =	{24th EACSL Annual Conference on Computer Science Logic (CSL 2015)},
  pages =	{648--665},
  series =	{Leibniz International Proceedings in Informatics (LIPIcs)},
  ISBN =	{978-3-939897-90-3},
  ISSN =	{1868-8969},
  year =	{2015},
  volume =	{41},
  editor =	{Kreutzer, Stephan},
  publisher =	{Schloss Dagstuhl -- Leibniz-Zentrum f{\"u}r Informatik},
  address =	{Dagstuhl, Germany},
  URL =		{https://drops.dagstuhl.de/entities/document/10.4230/LIPIcs.CSL.2015.648},
  URN =		{urn:nbn:de:0030-drops-54443},
  doi =		{10.4230/LIPIcs.CSL.2015.648},
  annote =	{Keywords: First-Order Logic, Decidable Fragments, Satisfiability, Model Checking}
}

@INPROCEEDINGS{binding17,
  author={Bova, Simone and Mogavero, Fabio},
  booktitle={2017 32nd Annual ACM/IEEE Symposium on Logic in Computer Science (LICS)}, 
  title={Herbrand property, finite quasi-Herbrand models, and a Chandra-Merlin theorem for quantified conjunctive queries}, 
  year={2017},
  volume={},
  number={},
  pages={1-12},
  keywords={Vocabulary;Mathematical model;Semantics;Complexity theory;Computational modeling;Syntactics;Standards},
  doi={10.1109/LICS.2017.8005073}
  }

@book{LogicAndStructure,
  title={Logic and Structure},
  author={van Dalen, Dirk},
  isbn={9781447145585},
  lccn={2012953020},
  series={Universitext},
  year={2012},
  publisher={Springer London}
}

@book{davisCalcolatoreUniversale,
  title={Il calcolatore universale. Da Leibniz a Turing},
  author={Davis, M.},
  isbn={9788845917929},
  series={Biblioteca scientifica},
  year={2003},
  publisher={Adelphi}
}


@book{hofstader_Godel_Escher_Bach,
  title={G{\"o}del, Escher, Bach: un'eterna ghirlanda brillante ; una fuga metaforica su menti e macchine nello spirito di Lewis Carroll},
  author={Hofstadter, D.R.},
  isbn={9788845907555},
  series={Biblioteca scientifica / Adelphi},
  url={https://books.google.it/books?id=fIoDNQAACAAJ},
  year={2009},
  publisher={Adelphi}
}

@Article{tptpLan,
        Author       = "Sutcliffe, G.",
        Year         = "2022",
        Title        = "{The Logic Languages of the TPTP World}",
        Journal      = "Logic Journal of the IGPL",
        DOI          = "10.1093/jigpal/jzac068"
    }

@Article{tptpLib,
        Author       = "Sutcliffe, G.",
        Year         = "2017",
        Title        = "{The TPTP Problem Library and Associated Infrastructure.
                        From CNF to TH0, TPTP v6.4.0}",
        Journal      = "Journal of Automated Reasoning",
        Volume       = "59",
        Number       = "4",
        Pages        = "483-502"
    } 

@Article{naming,
Author = "{Nonnengart, Andreas and Rock, Georg and Weidenbach, Christoph}",
Year = "2000",
Title = "{On Generating Small Clause Normal Forms}",
isbn = "978-3-540-64675-4",
DOI = "10.1007/BFb0054274"
}

% vampire papers 

@article{vampire1,
author = {Riazanov, Alexandre and Voronkov, Andrei},
year = {2002},
month = {01},
pages = {91-110},
title = {The design and implementation of VAMPIRE},
volume = {15},
journal = {AI Commun.}
}

@InProceedings{vampire2,
author="Kov{\'a}cs, Laura
and Voronkov, Andrei",
editor="Sharygina, Natasha
and Veith, Helmut",
title="First-Order Theorem Proving and Vampire",
booktitle="Computer Aided Verification",
year="2013",
publisher="Springer Berlin Heidelberg",
address="Berlin, Heidelberg",
pages="1--35",
abstract="In this paper we give a short introduction in first-order theorem proving and the use of the theorem prover Vampire. We discuss the superposition calculus and explain the key concepts of saturation and redundancy elimination, present saturation algorithms and preprocessing, and demonstrate how these concepts are implemented in Vampire. Further, we also cover more recent topics and features of Vampire designed for advanced applications, including satisfiability checking, theory reasoning, interpolation, consequence elimination, and program analysis.",
isbn="978-3-642-39799-8"
}

@misc{vampireWebsite,
  title = {vampire website},
  howpublished = {\url{https://vprover.github.io/}},
}

@inproceedings{vampireUnification,
author = {Hoder, Krystof and Voronkov, Andrei},
year = {2009},
month = {09},
pages = {435-443},
title = {Comparing Unification Algorithms in First-Order Theorem Proving},
isbn = {978-3-642-04616-2},
doi = {10.1007/978-3-642-04617-9_55}
}